<record><leader>00000cas a2200000 a 4500</leader><controlfield tag="001">8275729</controlfield><controlfield tag="008">820326d19uu19uuiluwr ne      0   a0eng c</controlfield><datafield ind1=" " ind2=" " tag="010"><subfield code="a">sn 82002340 </subfield></datafield><datafield ind1=" " ind2=" " tag="040"><subfield code="a">NSD</subfield><subfield code="b">eng</subfield><subfield code="c">NSD</subfield><subfield code="d">CVF</subfield><subfield code="d">OCLCQ</subfield><subfield code="d">OCLCF</subfield><subfield code="d">NVF</subfield><subfield code="d">OCLCO</subfield><subfield code="d">OCL</subfield></datafield><datafield ind1="0" ind2=" " tag="022"><subfield code="a">0744-4524</subfield><subfield code="l">0744-4524</subfield><subfield code="2">1</subfield></datafield><datafield ind1=" " ind2=" " tag="037"><subfield code="b">India Tribune, 3955 W. Lawrence Ave., Chicago, Il. 60625</subfield></datafield><datafield ind1=" " ind2=" " tag="042"><subfield code="a">nsdp</subfield><subfield code="a">pcc</subfield></datafield><datafield ind1=" " ind2=" " tag="043"><subfield code="a">n-us---</subfield><subfield code="a">n-us-il</subfield></datafield><datafield ind1=" " ind2="0" tag="222"><subfield code="a">Weekly India tribune</subfield></datafield><datafield ind1="0" ind2="0" tag="245"><subfield code="a">Weekly India tribune.</subfield></datafield><datafield ind1="1" ind2="7" tag="246"><subfield code="a">India tribune</subfield></datafield><datafield ind1=" " ind2=" " tag="260"><subfield code="a">Chicago, IL :</subfield><subfield code="b">Prashant Shah</subfield></datafield><datafield ind1=" " ind2=" " tag="310"><subfield code="a">Weekly</subfield></datafield><datafield ind1=" " ind2=" " tag="588"><subfield code="a">Description based on: Vol. 6, no. 6 (Mar. 6, 1982).</subfield></datafield><datafield ind1=" " ind2=" " tag="588"><subfield code="a">Latest issue consulted: Vol. 6, no. 6 (Mar. 6, 1982).</subfield></datafield><datafield ind1=" " ind2="0" tag="650"><subfield code="a">East Indian Americans</subfield><subfield code="z">United States</subfield><subfield code="v">Newspapers.</subfield></datafield><datafield ind1=" " ind2="0" tag="650"><subfield code="a">East Indians</subfield><subfield code="z">United States</subfield><subfield code="v">Newspapers.</subfield></datafield><datafield ind1=" " ind2="0" tag="651"><subfield code="a">United States</subfield><subfield code="v">Newspapers.</subfield></datafield><datafield ind1=" " ind2="7" tag="650"><subfield code="a">East Indian Americans</subfield><subfield code="2">fast</subfield><subfield code="0">(OCoLC)fst00901040</subfield></datafield><datafield ind1=" " ind2="7" tag="650"><subfield code="a">East Indians.</subfield><subfield code="2">fast</subfield><subfield code="0">(OCoLC)fst00901060</subfield></datafield><datafield ind1=" " ind2="7" tag="651"><subfield code="a">United States.</subfield><subfield code="2">fast</subfield><subfield code="0">(OCoLC)fst01204155</subfield></datafield><datafield ind1=" " ind2="7" tag="655"><subfield code="a">Newspapers.</subfield><subfield code="2">fast</subfield><subfield code="0">(OCoLC)fst01423814</subfield></datafield><datafield ind1=" " ind2=" " tag="752"><subfield code="a">United States</subfield><subfield code="b">Illinois</subfield><subfield code="c">Cook</subfield><subfield code="d">Chicago.</subfield></datafield></record>